// Book references
@book{QuantumComputation&Infomation,
  author    = {Michael A. Nielsen, Issac L. Chuang},
  editor    = {木村達也},
  publisher = {オーム社},
  title     = {量子コンピュータと量子通信},
  year      = {2022年}
}

@manual{BasicQuantumComputer,
  author = {藤井啓祐},
  title  = {量子コンピュータの基礎と物理の接点},
  year   = {2017年6月8日}
}

// URL references

@misc{QuantumDojo,
  author       = {Qulacs},
  howpublished = {https://github.com/qulacs/quantum-native-dojob},
  title        = {Quantum Native Dojo}
}