// Book references
@book{QuantumComputation&Infomation1,
  author    = {Michael A. Nielsen, Issac L. Chuang},
  editor    = {木村達也},
  publisher = {オーム社},
  title     = {量子コンピュータと量子通信I-量子力学とコンピュータ科学-},
  year      = {2022年}
}

@book{QuantumComputation&Infomation2,
  author    = {Michael A. Nielsen, Issac L. Chuang},
  editor    = {木村達也},
  publisher = {オーム社},
  title     = {量子コンピュータと量子通信II-量子コンピュータとアルゴリズム-},
  year      = {2022年}
}

@manual{QuantumComputingFundamentalsAndPhysicsContacts,
  author = {藤井啓祐},
  title  = {量子コンピュータの基礎と物理の接点},
  year   = {2017年6月8日}
}

@manual{BasicQuantumComputer,
  author = {藤井啓祐},
  title  = {量子コンピューターの基礎},
  year   = {2018年6月}
}

// URL references

@misc{QuantumDojo,
  author       = {Qulacs},
  title        = {Quantum Native Dojo},
  howpublished = {\url{https://github.com/qulacs/quantum-native-dojob}}
}

@misc{QulacsGitHub,
  author       = {Qulacs},
  title        = {Qulacs Document},
  howpublished = {\url{https://github.com/qulacs/qulacs}}
}